@article{xu2005pricing,
  title={Pricing and hedging options under stochastic volatility},
  author={Xu, Jianqiang},
  journal={The University of British Columbia, March 2005},
  year={2005},
  publisher={Citeseer}
}

@book{kendall1987kendall,
  title={Kendall's advanced theory of statistics},
  author={Kendall, Maurice George and Stuart, Alan and Ord, J Keith},
  year={1987},
  publisher={Oxford University Press, Inc.}
}